@book{meyer88,
    author = {B. Meyer},
    title = {Object-Oriented Software Construction},
    publisher = {Prentice Hall},
    year = {1988},
    address = {London}
}

@book{dijkstra82,
    author = {E. W. Dijkstra},
    title = {Selected Writings on Computing: A Personal Perspective},
    publisher = {Springer eBooks},
    year = {1982}
}

@book{chacon14,
    author = {S. Chacon and B. Straub},
    title = {Pro Git},
    publisher = {Apress},
    year = {2014}
}

@techreport{nattawat20,
    author = {ณัฐวัฒน์ จำลองราษฎร์ and นิติภูมิ อุ่นอารมณ์ and ภัคพงศ์ อัตถวิบูลย์},
    title = {การพัฒนาระบบตรวจสอบผลลัพธ์ของโจทย์ปัญหาจากชัดรหัสต้นฉบับเพื่อการเรียนการสอน},
    year = {2563},
    institution = {ภาควิชาวิศวกรรมคอมพิวเตอร์ คณะวิศวกรรมศาสตร์ มหาวิทยาลัยเทคโนโลยีพระจอมเกล้าธนบุรี}
}

@misc{fowlerCI,
    author = {M. Fowler},
    title = {Continuous Integration},
    url = {https://martinfowler.com/articles/continuousIntegration.html},
    note = {Retrieved from https://martinfowler.com/articles/continuousIntegration.html},
}

@misc{ipstGrader,
    author = {สถาบันส่งเสริมการสอนวิทยาศาสตร์และเทคโนโลยี},
    title = {IPST Program Grader},
    url = {https://programming.in.th},
    note = {เข้าถึงได้จาก IPST Program Grader: programming.in.th},
}

@misc{codeforces,
    author = {M. Mirzayanov},
    title = {Codeforces},
    year = {2010},
    url = {https://codeforces.com},
    note = {Retrieved from Codeforces: codeforces.com},
}

@book{donovan15go,
    author    = {A. Donovan and B. Kernighan},
    title     = {The Go Programming Language},
    publisher = {Addison-Wesley},
    year      = {2015}
}

@misc{pike12go,
    author    = {Rob Pike},
    title     = {Go at Google: Language Design in the Service of Software Engineering},
    url = {https://go.dev/talks/2012/splash.article},
    note = {Retrieved from Go Dev: https://go.dev/talks/2012/splash.article},
    year      = {2012}
}

@misc{golangorg,
    title = {The Go Programming Language},
    author = {{The Go Dev Team}},
    year = {2023},
    url = {https://golang.org/doc/},
    note = {Retrieved from Golang Doc: golang.org},
}

@book{flanagan20js,
    title={JavaScript: The Definitive Guide},
    author={D. Flanagan},
    year={2020},
    publisher={O'Reilly Media}
}

@book{crockford08js,
    title={JavaScript: The Good Parts},
    author={D. Crockford},
    year={2008},
    publisher={O'Reilly Media}
}

@misc{hejlsbergts,
    author = {A. Hejlsberg and S. Lucco and L. Hoban},
    title = {The TypeScript Language},
    organization = {Microsoft},
    url = {https://www.typescriptlang.org/docs/handbook/typescript-in-5-minutes.html},
    note = {Retrieved from TypeScript Lang: https://www.typescriptlang.org/docs/handbook/typescript-in-5-minutes.html}
}

@book{cherny19ts,
    author = {B. Cherny},
    title = {Programming TypeScript},
    publisher = {O'Reilly Media},
    year = {2019},
}

@misc{microsoftts,
    author = {{Microsoft}},
    title = {TypeScript},
    organization = {Microsoft},
    url = {https://www.typescriptlang.org/},
    note = {Retrieved from TypeScript Lang: https://www.typescriptlang.org/}
}

@misc{gofiber,
    author = {{GoFiber Dev Team}},
    title = {What is Fiber?},
    year = {Accessed 2023},
    url = {https://docs.gofiber.io/},
    note = {Retrieved from GoFiber: https://docs.gofiber.io/}    
}

@article{ali20fiber,
    author = {Y. Ali},
    title = {Build RESTful API in Go and MongoDB},
    journal = {freeCodeCamp},
    year = {2020},
    url = {https://www.freecodecamp.org/news/build-restful-api-in-go-and-mongodb/}
}

@article{chouhan21fiber,
    author = {A. Chouhan},
    title = {Go vs GoFiber: Exploring New Ways of Writing REST APIs},
    journal = {Medium},
    year = {2021},
    url = {https://medium.com/@ankitachouhan10121992/go-vs-gofiber-exploring-new-ways-of-writing-rest-apis-7f1285d2cd00}
}

@misc{grafana,
    author = {{Grafana Team}},
    title = {What is Grafana?},
    year = {n.d.},
    url = {https://grafana.com/docs/grafana/latest/getting-started/what-is-grafana/},
    note = {Retrieved from Grafana Doc: https://grafana.com/docs/grafana/latest/getting-started/what-is-grafana/}
}

%% LOST SOURCE
@misc{carr21grafana,
    author = {Carr, D.},
    title = {Grafana Tutorial: Learn Grafana \& Create Dashboards},
    year = {2021},
    url = {https://www.guru99.com/grafana-tutorial.html},
    note = {Retrieved from Guru99: https://www.guru99.com/grafana-tutorial.html}
}

%% LOST SOURCE
@misc{patel20grafana,
    author = {Patel, N.},
    title = {How to Use Grafana for Performance Monitoring},
    year = {2020},
    url = {https://www.bmc.com/blogs/grafana-performance-monitoring/},
    note = {Retrieved from BMC blogs: https://www.bmc.com/blogs/grafana-performance-monitoring/}
}

@techreport{sunil21grafana,
    author = {H. Sunil and C. Saravanan},
    title = {A Comprehensive study on Data Visualization tool
- Grafana},
    institution = {Journal of Emerging Technologies and Innovative Research} ,
    year = {2021} 
}

@misc{github,
    author = {{The GitHub Team}},
    title = {About GitHub},
    year = {n.d.},
    url = {https://github.com/about},
    note = {Retrieved from GitHub: https://github.com/about}
}

%% LOST SOURCE
@misc{gupta21github,
    author = {Gupta, N.},
    title = {Introduction to GitHub},
    year = {2021},
    url = {https://www.guru99.com/introduction-to-github.html},
    note = {Retrieved from Guru99: https://www.guru99.com/introduction-to-github.html}
}

@misc{githubprice,
    author = {{The GitHub Team}},
    title = {GitHub Pricing},
    year = {2023},
    url = {https://github.com/pricing}
}

@misc{docker,
    author = {{Docker}},
    title = {What is Docker?},
    year = {n.d.},
    url = {https://www.docker.com/what-docker},
    note = {Retrieved from Docker: https://www.docker.com/what-docker}

}

@article{yıldız23docker,
    author = {H. Yıldız},
    title = {Docker Containerization and Virtualization},
    year = {2023},
    url = {https://medium.com/@haticeyildiz/docker-containerization-and-virtualization-benefits-advantages-and-disadvantages-737b31b86213},
    journal = {Medium}
}

@article{chesterwood21microservice,
    author = {R. Chesterwood},
    title = {What Are Microservices? Pros, Cons, and How to Build Them},
    year = {2021},
    url = {https://blog.udemy.com/what-are-microservices},
    journal = {Udemy}
}

@misc{dockerdoc,
    author = {{Docker}},
    title = {Docker Documentation},
    year = {n.d.},
    url = {https://docs.docker.com/},
    note = {Retrieved from Docker: https://www.docs.docker.com/}
}

@misc{terraform,
    author = {{The Terraform Team}},
    title = {What is Terraform?},
    year = {n.d.},
    url = {https://developer.hashicorp.com/terraform/intro},
    note = {Retrieved from Hashicorp.com: https://developer.hashicorp.com/terraform/intro}
}

@article{tripathi23terraform,
    author = {P. Tripathi} ,
    title = {5 Benefits of using Terraform},
    journal = {DEV},
    url = {https://dev.to/pragyanatvade/5-benefits-of-using-terraform-4foo},
    year = {2023}
}

@article{stanfield22iac,
    author = {Stanfield, E.},
    title = {What Is Infrastructure as Code (IaC)?},
    year = {2022},
    url = {https://www.sumologic.com/glossary/infrastructure-as-code/},
    journal = {Sumologic}
}

@misc{kubernetes,
    author = {{Kubernetes Authors}},
    title = {What is Kubernetes?},
    year = {n.d.},
    url = {https://kubernetes.io/docs/concepts/overview/what-is-kubernetes/},
    note = {Retrieved from Kubernetes.io: https://kubernetes.io/docs/concepts/overview/what-is-kubernetes/}
}

@online{mysql,
    author = {{MySQL Authors}},
    title = {What is MySQL?},
    year = {n.d.},
    url = {https://dev.mysql.com/doc/mysql-getting-started/en/},
    note = {Retrieved from MySQL.com: https://dev.mysql.com/doc/mysql-getting-started/en/}
}

@online{mysqlcomm,
    author = {{MySQL Authors}},
    title = {MySQL Community Edition},
    year = {n.d.},
    url = {https://www.mysql.com/products/community/},
    note = {Retrieved from MySQL.com: https://www.mysql.com/products/community/}
}

@misc{prometheus,
    author = {{Prometheus Team}},
    title = {Introduction},
    year = {n.d.},
    url = {https://prometheus.io/docs/introduction/overview/},
    note = {Retrieved from Prometheus: https://prometheus.io/docs/introduction/overview/}
}

@misc{influxdb,
    author = {{InfluxData Team}},
    title = {What is InfluxDB?},
    year = {n.d.},
    url = {https://www.influxdata.com/products/influxdb/},
    note = {Retrieved from InfluxData: https://www.influxdata.com/products/influxdb/}
}

@misc{influxdb-platforms,
    author = {{InfluxData Team}},
    title = {InfluxDB Supported Platforms},
    year = {n.d.},
    url = {https://docs.influxdata.com/influxdb/v2.0/reference/supported-platforms/},
    note = {Retrieved from InfluxData: https://docs.influxdata.com/influxdb/v2.0/reference/supported-platforms/}
}

@misc{rabbitmq,
  author = {{RabbitMQ Developers}},
  title = {What is RabbitMQ?},
  year = {n.d.},
  url = {https://www.rabbitmq.com/},
  note = {Retrieved from RabbitMQ: https://www.rabbitmq.com/}
}

@book{videla17rabbitmq,
  author = {Videla, S. and Williams, M.},
  title = {RabbitMQ in Depth},
  publisher = {Manning Publications},
  year = {2017}
}

@book{hanwell17rabbitmq,
  author = {Hanwell, S. D.},
  title = {RabbitMQ: Patterns for Applications},
  publisher = {O'Reilly Media},
  year = {2017}
}

